<record><leader>00000cas a22000007a 4500</leader><controlfield tag="001">13276925</controlfield><controlfield tag="008">860310c19799999wiuwr ne      0    0eng d</controlfield><datafield ind1=" " ind2=" " tag="010"><subfield code="a">sn 86086360 </subfield></datafield><datafield ind1=" " ind2=" " tag="040"><subfield code="a">NPV</subfield><subfield code="b">eng</subfield><subfield code="c">NPV</subfield><subfield code="d">OCLCQ</subfield></datafield><datafield ind1=" " ind2=" " tag="042"><subfield code="a">msc</subfield></datafield><datafield ind1=" " ind2=" " tag="045"><subfield code="a">x7--</subfield></datafield><datafield ind1=" " ind2=" " tag="052"><subfield code="a">4123</subfield><subfield code="b">W6</subfield><subfield code="b">O8</subfield></datafield><datafield ind1="0" ind2=" " tag="130"><subfield code="a">Press-star (New London, Wis. : 1979)</subfield></datafield><datafield ind1="1" ind2="0" tag="245"><subfield code="a">Press-star.</subfield></datafield><datafield ind1=" " ind2=" " tag="260"><subfield code="a">New London, Wis. :</subfield><subfield code="b">H. Sanstadt,</subfield><subfield code="c">1979-</subfield></datafield><datafield ind1=" " ind2=" " tag="300"><subfield code="a">v. :</subfield><subfield code="b">ill.</subfield></datafield><datafield ind1=" " ind2=" " tag="310"><subfield code="a">Weekly</subfield></datafield><datafield ind1="0" ind2=" " tag="362"><subfield code="a">Vol. 93, no. 32 (May 3, 1979)-</subfield></datafield><datafield ind1=" " ind2=" " tag="500"><subfield code="a">Editors: J. Sanstadt, Aug. 23, 1979-Sept. 29, 1983; J. Prinzler, Oct. 6, 1983-</subfield></datafield><datafield ind1=" " ind2=" " tag="530"><subfield code="a">Available on microfilm from The State Historical Society of Wisconsin.</subfield></datafield><datafield ind1=" " ind2=" " tag="752"><subfield code="a">United States</subfield><subfield code="b">Wisconsin</subfield><subfield code="c">Waupaca</subfield><subfield code="d">New London.</subfield></datafield><datafield ind1=" " ind2=" " tag="752"><subfield code="a">United States</subfield><subfield code="b">Wisconsin</subfield><subfield code="c">Outagamie</subfield><subfield code="d">New London.</subfield></datafield><datafield ind1="0" ind2="0" tag="780"><subfield code="t">Thursday press-star</subfield><subfield code="w">(DLC)sn 86086359</subfield></datafield><datafield ind1="1" ind2=" " tag="029"><subfield code="a">AU@</subfield><subfield code="b">000025827460</subfield></datafield></record>